<?xml version="1.0" encoding="UTF-8"?><collection xmlns="http://www.loc.gov/MARC21/slim"><record><leader>00322nam--2200121-i-4500</leader><controlfield tag="001">000050124</controlfield><controlfield tag="002">20161230</controlfield><controlfield tag="005">20161230201048</controlfield><controlfield tag="008">060222s1000------------r-----000-0-eng-d</controlfield><datafield ind1=" " ind2=" " tag="100"><subfield code="a">Baranov, V.I., Zaborenko, K.B</subfield></datafield><datafield ind1=" " ind2=" " tag="245"><subfield code="a">Radioaktivnost</subfield></datafield><datafield ind1=" " ind2=" " tag="260"><subfield code="a">Moskva, Gos.Izd. Vo Tehniko-teoreticheskoi Lit., 1953, 64s</subfield></datafield><datafield ind1=" " ind2=" " tag="852"><subfield code="a">2265</subfield></datafield></record></collection>